<record><leader>00000cas a22000007a 4500</leader><controlfield tag="001">19840998</controlfield><controlfield tag="008">890609d19791980mduwr ne      0    0eng d</controlfield><datafield ind1=" " ind2=" " tag="010"><subfield code="a">sn 89061510 </subfield></datafield><datafield ind1=" " ind2=" " tag="040"><subfield code="a">MFN</subfield><subfield code="b">eng</subfield><subfield code="c">MFN</subfield><subfield code="d">OCLCQ</subfield></datafield><datafield ind1=" " ind2=" " tag="042"><subfield code="a">msc</subfield></datafield><datafield ind1=" " ind2="4" tag="050"><subfield code="a">AN41.681.B6</subfield><subfield code="b">B5</subfield></datafield><datafield ind1="0" ind2=" " tag="130"><subfield code="a">Bowie blade (Bowie, Md. : 1979)</subfield></datafield><datafield ind1="1" ind2="4" tag="245"><subfield code="a">The Bowie blade.</subfield></datafield><datafield ind1=" " ind2=" " tag="260"><subfield code="a">Bowie, Md. :</subfield><subfield code="b">Blade Newspapers</subfield></datafield><datafield ind1=" " ind2=" " tag="300"><subfield code="a">v.</subfield></datafield><datafield ind1=" " ind2=" " tag="310"><subfield code="a">Weekly</subfield></datafield><datafield ind1="0" ind2=" " tag="362"><subfield code="a">Vol. 13, no. 29 (July 19, 1979)-v. 14, no. 5 (Jan. 31, 1980).</subfield></datafield><datafield ind1=" " ind2=" " tag="752"><subfield code="a">United States</subfield><subfield code="b">Maryland</subfield><subfield code="c">Prince George's</subfield><subfield code="d">Bowie.</subfield></datafield><datafield ind1="0" ind2="0" tag="780"><subfield code="t">Bowie blade New Carrollton blade and the Crofton blade</subfield><subfield code="w">(DLC)sn 89061509</subfield></datafield><datafield ind1="0" ind2="7" tag="785"><subfield code="t">Bowie news (Bowie, Md.)</subfield><subfield code="w">(DLC)sn 89061512</subfield></datafield><datafield ind1="0" ind2="7" tag="785"><subfield code="t">Bowie blade-news</subfield><subfield code="w">(DLC)sn 89061511</subfield></datafield></record>